@article{DBLP:journals/corr/abs-0911-3456,
  author    = {Andreas Kl{\"o}ckner and
               Nicolas Pinto and
               Yunsup Lee and
               Bryan C. Catanzaro and
               Paul Ivanov and
               Ahmed Fasih},
  title     = {PyCUDA: GPU Run-Time Code Generation for High-Performance
               Computing},
  journal   = {CoRR},
  volume    = {abs/0911.3456},
  year      = {2009},
  ee        = {http://arxiv.org/abs/0911.3456},
  bibsource = {DBLP, http://dblp.uni-trier.de}
}

@inproceedings{DBLP:conf/csse/YangZP08,
  author    = {Zhiyi Yang and
               Yating Zhu and
               Yong Pu},
  title     = {Parallel Image Processing Based on CUDA},
  booktitle = {CSSE (3)},
  year      = {2008},
  pages     = {198-201},
  ee        = {http://dx.doi.org/10.1109/CSSE.2008.1448},
  crossref  = {DBLP:conf/csse/2008-3},
  bibsource = {DBLP, http://dblp.uni-trier.de}
}

@proceedings{DBLP:conf/csse/2008-3,
  title     = {International Conference on Computer Science and Software
               Engineering, CSSE 2008, Volume 3: Grid Computing / Distributed
               and Parallel Computing / Information Security, December
               12-14, 2008, Wuhan, China},
  booktitle = {CSSE (3)},
  publisher = {IEEE Computer Society},
  year      = {2008},
  isbn      = {978-0-7695-3336-0},
  bibsource = {DBLP, http://dblp.uni-trier.de}
}

@inproceedings{Jiayin:2010:CMD:1933304.1933936,
 author = {Jiayin, Liu and Chuang, Wang and Kim, Jae Ho},
 title = {Camera Motion Detection for Conversation Scenes in Movies},
 booktitle = {Proceedings of the 2010 International Conference on Computational and Information Sciences},
 series = {ICCIS '10},
 year = {2010},
 isbn = {978-0-7695-4270-6},
 pages = {725--728},
 numpages = {4},
 url = {http://dx.doi.org/10.1109/ICCIS.2010.180},
 doi = {http://dx.doi.org/10.1109/ICCIS.2010.180},
 acmid = {1933936},
 publisher = {IEEE Computer Society},
 address = {Washington, DC, USA},
 keywords = {feature matching, RANSAC, camera motion, conversation scenes, movie analysis},
} 

@Webpage{codeproject,
         url = {http://www.codeproject.com/KB/audio-video/Motion_Detection.aspx},
         author = {{Andrew Kirillov}},
         title = {Motion Detection Algorithms},
         year = 2007,
         lastchecked = {14 Julio 2011}
}

@Webpage{cbestpractices,
         url = {http://developer.download.nvidia.com/compute/cuda/3_2/toolkit/docs/CUDA_C_Best_Practices_Guide.pdf},
         author = {{NVIDIA Corp.}},
         title = {{NVIDIA CUDA C Best Practices Guide}},
         year = 2010,
         lastchecked = {3 Julio 2011}
}

